@book{szeliski,
    title={Computer Vision: Algorithms and Applications},
    author={Richard Szeliski},
    isbn={9783030343712},
    series={Texts in Computer Science},
    url={https://szeliski.org/Book/2ndEdition.htm},
    year={2022},
    publisher={Springer International Publishing}
}

@misc{crnn-paper,
  doi = {10.48550/ARXIV.1507.05717},
  url = {https://arxiv.org/abs/1507.05717},
  author = {Shi,  Baoguang and Bai,  Xiang and Yao,  Cong},
  keywords = {Computer Vision and Pattern Recognition (cs.CV),  FOS: Computer and information sciences,  FOS: Computer and information sciences},
  title = {An End-to-End Trainable Neural Network for Image-based Sequence Recognition and Its Application to Scene Text Recognition},
  publisher = {arXiv},
  year = {2015},
  copyright = {arXiv.org perpetual,  non-exclusive license}
}

@article{ss-paper,
  doi = {10.1007/s11263-013-0620-5},
  url = {https://doi.org/10.1007/s11263-013-0620-5},
  year = {2013},
  month = {travanj},
  publisher = {Springer Science and Business Media {LLC}},
  volume = {104},
  number = {2},
  pages = {154--171},
  author = {J. R. R. Uijlings and K. E. A. van de Sande and T. Gevers and A. W. M. Smeulders},
  title = {Selective Search for Object Recognition},
  journal = {International Journal of Computer Vision}
}

@inproceedings{hough-paper,
  doi = {10.1109/isimp.2004.1434172},
  url = {https://doi.org/10.1109/isimp.2004.1434172},
  publisher = {{IEEE}},
  year = {2004},
  author = {Tran Duc Duan and  Duong Anh Duc and L.H.D. Tran},
  title = {Combining hough transform and contour algorithm for detecting vehicles{\textquotesingle} license-plates},
  booktitle = {Proceedings of 2004 International Symposium on Intelligent Multimedia,  Video and Speech Processing,  2004.}
}

@article{canny-paper,
  title={Canny edge-detection based vehicle plate recognition},
  author={Mousa, Allam},
  journal={International Journal of signal processing, Image processing and pattern recognition},
  volume={5},
  number={3},
  pages={1--8},
  year={2012}
}

@inproceedings{hog-paper,
  doi = {10.1109/ubmyk48245.2019.8965573},
  url = {https://doi.org/10.1109/ubmyk48245.2019.8965573},
  year = {2019},
  month = {studeni},
  publisher = {{IEEE}},
  author = {Naaman Omar Yaseen and Salim Ganim Saeed Al-Ali and Abdulkadir Sengur},
  title = {An Efficient Model for Automatic Number Plate Detection using {HOG} Feature from New North Iraq Vehicle Images Dataset},
  booktitle = {2019 1st International Informatics and Software Engineering Conference ({UBMYK})}
}

@inproceedings{haar-paper,
  doi = {10.1109/icpr.2006.758},
  url = {https://doi.org/10.1109/icpr.2006.758},
  year = {2006},
  publisher = {{IEEE}},
  author = {Huaifeng Zhang and  Wenjing Jia and  Xiangjian He and  Qiang Wu},
  title = {Learning-Based License Plate Detection Using Global and Local Features},
  booktitle = {18th International Conference on Pattern Recognition ({ICPR}{\textquotesingle}06)}
}

@misc{wiki:clahe,
    author = {{Adaptive histogram equalization}},
    title = "Adaptive histogram equalization --- {W}ikipedia{,} The Free Encyclopedia",
    year = {2021},
    month = {rujan},
    url = {https://en.wikipedia.org/wiki/Adaptive_histogram_equalization}
}

@misc{rcnn-paper,
  doi = {10.48550/ARXIV.1311.2524},
  url = {https://arxiv.org/abs/1311.2524},
  author = {Girshick,  Ross and Donahue,  Jeff and Darrell,  Trevor and Malik,  Jitendra},
  keywords = {Computer Vision and Pattern Recognition (cs.CV),  FOS: Computer and information sciences,  FOS: Computer and information sciences},
  title = {Rich feature hierarchies for accurate object detection and semantic segmentation},
  publisher = {arXiv},
  year = {2013},
  copyright = {arXiv.org perpetual,  non-exclusive license}
}

@misc{fast-rcnn-paper,
  doi = {10.48550/ARXIV.1504.08083},
  url = {https://arxiv.org/abs/1504.08083},
  author = {Girshick,  Ross},
  keywords = {Computer Vision and Pattern Recognition (cs.CV),  FOS: Computer and information sciences,  FOS: Computer and information sciences},
  title = {Fast R-CNN},
  publisher = {arXiv},
  year = {2015},
  copyright = {arXiv.org perpetual,  non-exclusive license}
}

@misc{faster-rcnn-paper,
  doi = {10.48550/ARXIV.1506.01497},
  url = {https://arxiv.org/abs/1506.01497},
  author = {Ren,  Shaoqing and He,  Kaiming and Girshick,  Ross and Sun,  Jian},
  keywords = {Computer Vision and Pattern Recognition (cs.CV),  FOS: Computer and information sciences,  FOS: Computer and information sciences},
  title = {Faster R-CNN: Towards Real-Time Object Detection with Region Proposal Networks},
  publisher = {arXiv},
  year = {2015},
  copyright = {arXiv.org perpetual,  non-exclusive license}
}

@misc{yolo-paper,
  doi = {10.48550/ARXIV.1506.02640},
  url = {https://arxiv.org/abs/1506.02640},
  author = {Redmon,  Joseph and Divvala,  Santosh and Girshick,  Ross and Farhadi,  Ali},
  keywords = {Computer Vision and Pattern Recognition (cs.CV),  FOS: Computer and information sciences,  FOS: Computer and information sciences},
  title = {You Only Look Once: Unified,  Real-Time Object Detection},
  publisher = {arXiv},
  year = {2015},
  copyright = {arXiv.org perpetual,  non-exclusive license}
}

@article{Felzenszwalb2004,
  doi = {10.1023/b:visi.0000022288.19776.77},
  url = {https://doi.org/10.1023/b:visi.0000022288.19776.77},
  year = {2004},
  month = {rujan},
  publisher = {Springer Science and Business Media {LLC}},
  volume = {59},
  number = {2},
  pages = {167--181},
  author = {Pedro F. Felzenszwalb and Daniel P. Huttenlocher},
  title = {Efficient Graph-Based Image Segmentation},
  journal = {International Journal of Computer Vision}
}

@article{rnn-paper,
  doi = {10.1016/j.physd.2019.132306},
  url = {https://doi.org/10.1016/j.physd.2019.132306},
  year = {2020},
  month = {ožujak},
  publisher = {Elsevier {BV}},
  volume = {404},
  pages = {132306},
  author = {Alex Sherstinsky},
  title = {Fundamentals of Recurrent Neural Network ({RNN}) and Long Short-Term Memory ({LSTM}) network},
  journal = {Physica D: Nonlinear Phenomena}
}

@misc{guide-cnn,
  doi = {10.48550/ARXIV.1603.07285},
  url = {https://arxiv.org/abs/1603.07285},
  author = {Dumoulin,  Vincent and Visin,  Francesco},
  keywords = {Machine Learning (stat.ML),  Machine Learning (cs.LG),  Neural and Evolutionary Computing (cs.NE),  FOS: Computer and information sciences,  FOS: Computer and information sciences},
  title = {A guide to convolution arithmetic for deep learning},
  publisher = {arXiv},
  year = {2016},
  copyright = {arXiv.org perpetual,  non-exclusive license}
}

@article{slic-paper,
  doi = {10.1109/tpami.2012.120},
  url = {https://doi.org/10.1109/tpami.2012.120},
  year = {2012},
  month = {studeni},
  publisher = {Institute of Electrical and Electronics Engineers ({IEEE})},
  volume = {34},
  number = {11},
  pages = {2274--2282},
  author = {R. Achanta and A. Shaji and K. Smith and A. Lucchi and P. Fua and Sabine S\"{u}sstrunk},
  title = {{SLIC} Superpixels Compared to State-of-the-Art Superpixel Methods},
  journal = {{IEEE} Transactions on Pattern Analysis and Machine Intelligence}
}

@article{sift-paper,
  doi = {10.1023/b:visi.0000029664.99615.94},
  url = {https://doi.org/10.1023/b:visi.0000029664.99615.94},
  year = {2004},
  month = {studeni},
  publisher = {Springer Science and Business Media {LLC}},
  volume = {60},
  number = {2},
  pages = {91--110},
  author = {David G. Lowe},
  title = {Distinctive Image Features from Scale-Invariant Keypoints},
  journal = {International Journal of Computer Vision}
}

@book{Goodfellow-et-al-2016,
  title={Deep Learning},
  author={Ian Goodfellow and Yoshua Bengio and Aaron Courville},
  publisher={MIT Press},
  note={\url{http://www.deeplearningbook.org}},
  year={2016}
}

@misc{snajder,
  author = {Jan Šnajder},
  title = {Strojno učenje 1: Logistička regresija},
  year = {2022},
  note = {Sveučilište u Zagrebu, Fakultet elektrotehnike i računarstva},
  url = {https://www.fer.unizg.hr/predmet/struce1}
}

@inproceedings{ctc-paper,
  author = {Graves, Alex and Fern\'{a}ndez, Santiago and Gomez, Faustino and Schmidhuber, J\"{u}rgen},
  title = {Connectionist Temporal Classification: Labelling Unsegmented Sequence Data with Recurrent Neural Networks},
  year = {2006},
  isbn = {1595933832},
  publisher = {Association for Computing Machinery},
  address = {New York, NY, USA},
  url = {https://doi.org/10.1145/1143844.1143891},
  doi = {10.1145/1143844.1143891},
  booktitle = {Proceedings of the 23rd International Conference on Machine Learning},
  pages = {369–376},
  numpages = {8},
  location = {Pittsburgh, Pennsylvania, USA},
  series = {ICML '06}
}

@article{survey,
  doi = {10.3390/s21093028},
  url = {https://doi.org/10.3390/s21093028},
  year = {2021},
  month = {travanj},
  publisher = {{MDPI} {AG}},
  volume = {21},
  number = {9},
  pages = {3028},
  author = {Lubna and Naveed Mufti and Syed Afaq Ali Shah},
  title = {Automatic Number Plate Recognition:A Detailed Survey of Relevant Algorithms},
  journal = {Sensors}
}

@misc{zemris,
    title = {License Plate Detection, Recognition, and Automated Storage},
    author = {Slobodan Ribarić and Zoran Kalafatić and Tomislav Hrkać and Vlasta Srebrić and Damir Sokol and Danijel Zrno and Kristijan Kraupner and Goran Adrinek},
    year = {2003},
    note = {Student's project, Sveučilište u Zagrebu, Fakultet elektrotehnike i računarstva},
    url = {http://www.zemris.fer.hr/projects/LicensePlates/}
}

@misc{duboko,
    title = {Duboko učenje 1: Povratni modeli},
    author = {Petra Bevandić and Marin Oršić and Ivan Grubišić and Josip Šarić and Siniša Šegvić},
    year = {2022},
    url = {http://www.zemris.fer.hr/~ssegvic/du/},
    note = {Sveučilište u Zagrebu, Fakultet elektrotehnike i računarstva}
}

@misc{adamw-paper,
  doi = {10.48550/ARXIV.1711.05101},
  url = {https://arxiv.org/abs/1711.05101},
  author = {Loshchilov,  Ilya and Hutter,  Frank},
  keywords = {Machine Learning (cs.LG),  Neural and Evolutionary Computing (cs.NE),  Optimization and Control (math.OC),  FOS: Computer and information sciences,  FOS: Computer and information sciences,  FOS: Mathematics,  FOS: Mathematics},
  title = {Decoupled Weight Decay Regularization},
  publisher = {arXiv},
  year = {2017},
  copyright = {arXiv.org perpetual,  non-exclusive license}
}
